@techreport{digital_econ,
	author={Thomas L. Mesenbourg},
	title={Measuring the digital economy},
	institution={U.S. Bureau of the Census},
	year={2001},
}
@misc{mezzurite_website,
	author={Microsoft},
	title={Mezzurite: your components, timed},
	howpublished={Dosegljivo: \url{https://github.com/microsoft/Mezzurite}},
	note={[Dostopano: 1.8.2019]},
}
@misc{ga_website,
	author={Google},
	title={Google Analytics},
	howpublished={Dosegljivo: \url{https://analytics.google.com/analytics/web/}},
	note={[Dostopano: 1.8.2019]},
}
@misc{angular_website,
	author={Google},
	title={Angular},
	howpublished={Dosegljivo: \url{https://angular.io/}},
	note={[Dostopano: 13.8.2019]},
}
@misc{angularjs_website,
	author={Google},
	title={AngularJS},
	howpublished={Dosegljivo: \url{https://angularjs.org/}},
	note={[Dostopano: 13.8.2019]},
}
@misc{react_website,
	author={Facebook},
	title={React},
	howpublished={Dosegljivo: \url{https://reactjs.org/}},
	note={[Dostopano: 13.8.2019]},
}
@misc{vue_website,
	author={Evan You},
	title={Vue.js},
	howpublished={Dosegljivo: \url{https://vuejs.org/}},
	note={[Dostopano: 13.8.2019]},
}
@misc{vuepress_website,
	author={Evan You},
	title={VuePress},
	howpublished={Dosegljivo: \url{https://vuepress.vuejs.org/}},
	note={[Dostopano: 13.8.2019]},
}
@misc{gatsby_website,
	author={Gatsby Inc.},
	title={Gatsby},
	howpublished={Dosegljivo: \url{https://www.gatsbyjs.org/}},
	note={[Dostopano: 13.8.2019]},
}
@article{linkedin_rum,
	author={Veeravalli, Sreedhar},
	title={Measuring and Optimizing Performance of Single-Page Applications (SPA) Using RUM},
	howpublished={Dosegljivo: \url{https://engineering.linkedin.com/blog/2017/02/measuring-and-optimizing-performance-of-single-page-applications}},
	year={2017},
	journal={LinkedIn Engineering},
	note={[Dostopano: 4.8.2019]}
}
@article{spa_blakit,
	author={Lipski, Roman},
	title={Single-page applications vs. multiple-page applications: pros, cons, pitfalls},
	howpublished={Dosegljivo: \url{https://blak-it.com/blog/spa-advantages/}},
	year={2017},
	journal={BLAKIT Blog},
	note={[Dostopano: 14.8.2019]}
}
@article{spa_vs_multi,
	author={Skólski, Paweł},
	title={Single-page application vs. multiple-page application},
	howpublished={Dosegljivo: \url{https://neoteric.eu/blog/single-page-application-vs-multiple-page-application/}},
	year={2016},
	journal={Neoteric Blog},
	note={[Dostopano: 14.8.2019]}
}
@book{rum_o_reilly,
	title={Real User Measurements},
	author={Mastin, Pete},
	year={2016},
	publisher={O'Reilly Media, Inc.}
}
@misc{js_modules,
	author={Chandnani, Kamlesh},
	title={Learn the basics of the JavaScript module system and build your own library},
	howpublished={Dosegljivo: \url{https://www.freecodecamp.org/news/anatomy-of-js-module-systems-and-building-libraries-fadcd8dbd0e/}},
	note={[Dostopano: 13.8.2019]},
}
@techreport{kumuluz_diploma,
    title={Ogrodje za razvoj mikrostoritev v Javi in njihovo skaliranje v oblaku},
	author={Faganel, Tilen},
	institution={Fakulteta za računalništvo in informatiko, Univerza v Ljubljani},
	year={2015},
	type={Diplomska naloga}
}
@manual{ga_spa,
	organization={Google Analytics Documentation},
	title={Single Page Application Tracking},
	note={Dosegljivo: \url{https://developers.google.com/analytics/devguides/collection/analyticsjs/single-page-applications}, [Dostopano: 14.8.2019]}
}
@article{hard_vs_soft_navigation,
	author={Nic Jansma},
	title={Improving Single Page Application Monitoring with Boomerangs},
	howpublished={Dosegljivo: \url{https://developer.akamai.com/blog/2013/07/07/improving-single-page-application-monitoring-boomerang}},
	year={2013},
	journal={Akamai Blog},
	note={[Dostopano: 14.8.2019]}
}
@misc{boomerang_akamai_rum_lib,
	author={Akamai},
	title={Boomerang},
	howpublished={Dosegljivo: \url{https://developer.akamai.com/tools/boomerang/}},
	note={[Dostopano: 13.8.2019]},
}
@proceedings{spa_presentation,
	author={Jansma, Nicholas},
	title={Measuring the Performance of Single Page Applications },
	year={2015},
	note={Dosegljivo: \url{https://www.slideshare.net/nicjansma/measuring-the-performance-of-single-page-applications}, [Dostopano: 15.8.2019]},
	key={spa_presentation_slides},
}
@article{what_is_rum,
	author={Stackify},
	title={What is Real User Monitoring? How It Works, Examples, Best Practices, and More},
	howpublished={Dosegljivo: \url{https://stackify.com/what-is-real-user-monitoring/}},
	year={2017},
	journal={Stackify Blog},
	note={[Dostopano: 14.8.2019]}
}
